%Capitalization is very important in references. Be sure to do a double {{ and }} to keep the capitalization of your text in tact.
%Also pay attention to the sorting on last name in the case of complex Dutch names. F.i.: "Aalst, W.M.P. van der and ..." makes it sort under A
@mastersthesis{MScBuijs2010,
  author   = {Buijs, J.C.A.M.},
  title    = {{Mapping Data Sources to XES in a Generic Way}},
  school   = {{Eindhoven University of Technology}},
  year     = {2010},
  file     = {Master thesis Joos 2010:C\:\\Users\\jbuijs.TUE\\Documents\\PhD\\Resources\\thesis_JBuijs_final.pdf:PDF},
  keywords = {XES, event log, data, joos, master thesis},
  url      = {http://www.processmining.org/_media/xesame/xesma_thesis_final.pdf}
}

@mastersthesis{MScNugteren2010,
  author = {Nugteren, G.M.},
  title  = {{Process Model Simplification}},
  school = {{Eindhoven University of Technology}},
  year   = {2010},
  url    = {http://alexandria.tue.nl/extra1/afstversl/wsk-i/nugteren2010.pdf}
}

@article{kohl2018probabilistic,
  title   = {A probabilistic u-net for segmentation of ambiguous images},
  author  = {Kohl, Simon and Romera-Paredes, Bernardino and Meyer, Clemens and De Fauw, Jeffrey and Ledsam, Joseph R and Maier-Hein, Klaus and Eslami, SM and Jimenez Rezende, Danilo and Ronneberger, Olaf},
  journal = {Advances in neural information processing systems},
  volume  = {31},
  year    = {2018}
}

@article{hazami2022efficientvdvae,
  title   = {Efficientvdvae: Less is more},
  author  = {Hazami, Louay and Mama, Rayhane and Thurairatnam, Ragavan},
  journal = {arXiv preprint arXiv:2203.13751},
  year    = {2022}
}

@inproceedings{guo2017calibration,
  title        = {On calibration of modern neural networks},
  author       = {Guo, Chuan and Pleiss, Geoff and Sun, Yu and Weinberger, Kilian Q},
  booktitle    = {International conference on machine learning},
  pages        = {1321--1330},
  year         = {2017},
  organization = {PMLR}
}
@article{vahdat2020nvae,
  title   = {NVAE: A deep hierarchical variational autoencoder},
  author  = {Vahdat, Arash and Kautz, Jan},
  journal = {Advances in neural information processing systems},
  volume  = {33},
  pages   = {19667--19679},
  year    = {2020}
}
